<?xml version="1.0" encoding="utf-8"?>
<record xmlns="http://www.loc.gov/MARC21/slim" xmlns:xsi="http://www.w3.org/2001/XMLSchema-instance" xsi:schemaLocation="http://www.loc.gov/MARC21/slim http://www.loc.gov/standards/marcxml/schema/MARC21slim.xsd">
	<leader>     nam a22        4500</leader>
	<controlfield tag="001">b12324589</controlfield>
	<controlfield tag="003">LeBAU</controlfield>
	<controlfield tag="006">m        d        </controlfield>
	<controlfield tag="007">cr cn |||m|||a</controlfield>
	<controlfield tag="008">160709s1950    iq      o     ||0 0 ara d</controlfield>
	<datafield ind1=" " ind2=" " tag="040">
		<subfield code="a">NNU</subfield>
		<subfield code="b">ara</subfield>
		<subfield code="e">rda</subfield>
		<subfield code="c">NNU</subfield>
	</datafield>
	<datafield ind1="0" ind2="4" tag="082">
		<subfield code="a">170</subfield>
		<subfield code="2">22</subfield>
	</datafield>
	<datafield ind1="1" ind2=" " tag="100">
		<subfield code="6">880-01</subfield>
		<subfield code="a">Ibn Ṭāwūs, ʻAlī ibn Mūsá,</subfield>
		<subfield code="d">1193-1266,</subfield>
		<subfield code="e">author.</subfield>
	</datafield>
	<datafield ind1="1" ind2="0" tag="245">
		<subfield code="6">880-02</subfield>
		<subfield code="a">Kashf al-maḥajjah li-thamarat al-muhjah /</subfield>
		<subfield code="c">ta’līf al-‘ālim al-‘āmil al-‘ābid al-zāhid Raḍiy al-Dīn Abī al-Qāsim ‘Alī ibn Mūsá ibn Ja‘far ibn Muḥammad ibn Ṭāwūs al-Ḥasani al-Ḥusaynī al-mutawaffá sanat 664 H.</subfield>
	</datafield>
	<datafield ind1=" " ind2="1" tag="264">
		<subfield code="6">880-03</subfield>
		<subfield code="a">al-Najaf, [al-‘Irāq] :</subfield>
		<subfield code="b">al-Maṭba‘ah al-Ḥaydarīyah,</subfield>
		<subfield code="c">1370 H. = 1950? [M.]</subfield>
	</datafield>
	<datafield ind1=" " ind2=" " tag="300">
		<subfield code="6">880-04</subfield>
		<subfield code="a">online resource (196 pages)</subfield>
	</datafield>
	<datafield ind1=" " ind2=" " tag="336">
		<subfield code="a">text</subfield>
		<subfield code="2">rdacontent</subfield>
	</datafield>
	<datafield ind1=" " ind2=" " tag="337">
		<subfield code="a">computer</subfield>
		<subfield code="2">rdamedia</subfield>
	</datafield>
	<datafield ind1=" " ind2=" " tag="338">
		<subfield code="a">online resource</subfield>
		<subfield code="2">rdacarrier</subfield>
	</datafield>
	<datafield ind1=" " ind2=" " tag="500">
		<subfield code="a">Part of the Arabic Collections Online (ACO) project, contributed by American University of Beirut's Jafet Memorial Library.</subfield>
	</datafield>
	<datafield ind1=" " ind2=" " tag="533">
		<subfield code="a">Electronic reproduction.</subfield>
		<subfield code="b">New York, N.Y. :</subfield>
		<subfield code="c">New York University,</subfield>
		<subfield code="d">2016.</subfield>
		<subfield code="5">NNU</subfield>
	</datafield>
	<datafield ind1=" " ind2="4" tag="650">
		<subfield code="a">الاخلاق الاسلامية.</subfield>
	</datafield>
	<datafield ind1=" " ind2="4" tag="650">
		<subfield code="a">الحياة الدينية</subfield>
		<subfield code="x">الشيعة</subfield>
		<subfield code="v">أعمال قديمة حتى 1800.</subfield>
	</datafield>
	<datafield ind1=" " ind2="0" tag="650">
		<subfield code="a">Islamic ethics.</subfield>
	</datafield>
	<datafield ind1=" " ind2="0" tag="650">
		<subfield code="a">Religious life</subfield>
		<subfield code="x">Shi'ah</subfield>
		<subfield code="v">Early works to 1800.</subfield>
	</datafield>
	<datafield ind1="2" ind2=" " tag="710">
		<subfield code="a">Jafet Memorial Library.</subfield>
	</datafield>
	<datafield ind1="0" ind2=" " tag="730">
		<subfield code="a">Arabic Collections Online.</subfield>
	</datafield>
	<datafield ind1="0" ind2="8" tag="776">
		<subfield code="i">Print version:</subfield>
		<subfield code="a">Ibn Ṭāwūs, ʻAlī ibn Mūsá, 1193-1266, author.</subfield>
		<subfield code="t">Kashf al-maḥajjah li-thamarat al-muhjah</subfield>
		<subfield code="w">(LeBAU)b12324589</subfield>
	</datafield>
	<datafield ind1="4" ind2="0" tag="856">
		<subfield code="u">http://hdl.handle.net/2333.1/m0cfxtj1</subfield>
	</datafield>
	<datafield ind1="1" ind2=" " tag="880">
		<subfield code="6">100-01/(3/r</subfield>
		<subfield code="a">الطاووسي، ابو القاسم علي بن موسى،</subfield>
		<subfield code="d">-1266،</subfield>
		<subfield code="e">مؤلف. </subfield>
		<subfield code="4">aut.</subfield>
	</datafield>
	<datafield ind1="1" ind2="0" tag="880">
		<subfield code="6">245-02/(3/r</subfield>
		<subfield code="a">كشف المحجة لثمرة المهجة /</subfield>
		<subfield code="c">تأليف العالم العامل العابد الزاهد رضي الدين أبي القاسم علي بن موسى بن جعفر بن محمد بن طاووس الحسني الحسيني المتوفى سنة 664 هـ.</subfield>
	</datafield>
	<datafield ind1=" " ind2="1" tag="880">
		<subfield code="6">264-03/(3/r</subfield>
		<subfield code="a">النجف، [العراق] :</subfield>
		<subfield code="b">المطبعة الحيدرية،</subfield>
		<subfield code="c">1370 هـ. = 1950 [م.]</subfield>
	</datafield>
	<datafield ind1=" " ind2=" " tag="880">
		<subfield code="6">300-04/(3/r</subfield>
		<subfield code="a">196 صفحة ؛</subfield>
		<subfield code="c">22 سم</subfield>
	</datafield>
	<datafield ind1=" " ind2=" " tag="959">
		<subfield code="a">NNU</subfield>
		<subfield code="b">WEB</subfield>
		<subfield code="c">GENI</subfield>
		<subfield code="t">0</subfield>
		<subfield code="m">Electronic access</subfield>
		<subfield code="s">01</subfield>
	</datafield>
	<datafield ind1=" " ind2=" " tag="999">
		<subfield code="i">LeBAU_b12324589</subfield>
		<subfield code="s">aub_aco000015</subfield>
		<subfield code="e">(ERROR-MISC)</subfield>
	</datafield>
</record>
